=LDR  01118 am a22003253  4500
=001  012868490
=003  Uk
=005  20201017092350.0
=008  040423s2003\\\\||||||||||||||||||||eng\\
=245  00$aMiscanthus.\Practical aspects of biofuel development
=250  \\$aNov
=260  \\$bDepartment of Trade & Industry$c2003
=336  \\$atext$2rdacontent
=337  \\$aunmediated$2rdamedia
=338  \\$avolume$2rdacarrier
=490  0\$aETSU B/W2/00618/REP. 03/1568 : URN
=852  41$aBritish Library$bHMNTS$jDigital store
=883  0\$aLanguage codes assigned by Bayesian analysis of words present in record$d20200826$qUk$c0.9919
=957  \\$r27/11/03
=985  \\$aUpgraded by BSS-generated file for WR2009-0365
=AQN  \\$aVOLUNTARY DEPOSIT
=CAT  \\$aCONV$b00$c20040425$lBLL90$h0919
=CAT  \\$aCONV$b00$c20040502$lBLL01$h1521
=CAT  \\$aBATCH$b00$c20091211$lBLL01$h0053
=CAT  \\$aBATCH$b00$c20100103$lBLL01$h1127
=CAT  \\$aW2009-0365$b00$c20201017$lBLL01$h0923
=FMT  \\$a  BK
=LAS  \\$aW2009-0365$b00$c20201017$lBLL01$h0923
=LDO  \\$aLDO$bebk
=SRC  \\$aLDS01$bbiblm.200404.2.aa

