=LDR  01851 am a2200493 a 4500
=001  007031203
=003  Uk
=005  20160308114100.0
=007  c|||||
=008  030317s2001\\\\enk\\\\|s\\\\\000\||eng\\
=015  \\$aGBA321674$2bnb
=019  y\$abA321674
=019  9\$abA321674
=020  \\$a1901164403 (correct)
=020  \\$cNo price
=039  0\$a2735
=040  \\$aUk$cUk
=082  04$a238.3$221
=100  1\$aBiddulph, Andy.
=245  14$aThe 39 articles$h[electronic resource] :$bthe testimony of Godly men who risked their lives to build a lively faith in England : a modern version /$cby Andy Biddulph.
=260  \\$aSolihull :$bMidland Bricks and Tiles,$c2001, c1989.
=336  \\$atext$2rdacontent
=337  \\$acomputer$2rdamedia
=500  \\$aTitle from title screen.
=516  \\$aIn PDF format
=610  24$aChurch of England.$tArticles of religion.
=710  2\$aChurch of England.$tArticles of religion.
=852  41$aBritish Library$bHMNTS$jDigital store
=886  2\$2ukmarc$a910$b20$aAnglican Church$xSee$aChurch of England$z610
=886  2\$2ukmarc$a910$b20$aUnited Church of England and Ireland$xSee also$aChurch of England$z610
=886  2\$2ukmarc$a910$b20$aAnglican Church$xSee$aChurch of England$z710
=886  2\$2ukmarc$a910$b20$aUnited Church of England and Ireland$xSee also$aChurch of England$z710
=CAT  \\$aCONV$b00$c20040425$lBLL90$h0531
=CAT  \\$aCONV$b00$c20040502$lBLL01$h1207
=CAT  \\$aBATCH-UPD$b00$c20061124$lBLL01$h1639
=CAT  \\$aBATCH$b00$c20091118$lBLL01$h2217
=CAT  \\$aBATCH-UPD$b00$c20101118$lBLL01$h2234
=CAT  \\$aBATCH$b00$c20101119$lBLL01$h0814
=CAT  \\$aBATCH-UPD$b00$c20160308$lBLL01$h1141
=FIN  \\$aY
=FMT  \\$a  BK
=LAS  \\$aBATCH-UPD$b00$c20160308$lBLL01$h1141
=LEO  \\$aMP5.0000019904
=SRC  \\$aBNB03$bbibmp5.200404.2.aa

