=LDR  01638 am a22004451i 4500
=001  018500361
=003  Uk
=005  20210526114747.0
=008  200918t20172017enk\\\\\\\\\\\000|j|eng|d
=015  \\$aGBC0E5067$2bnb
=020  \\$a9780857482556 (paperback) :$cNo price
=040  \\$aStDuBDS$beng$cStDuBDS$erda
=042  \\$aukblsr
=082  04$a823.01089283$223
=245  04$aThe glass in the wall :$ban anthology by the Cheltenham Festivals First Story Group at Gloucester Academy /$cedited and introduced by Alicia Stubbersfield.
=264  \1$aLondon :$bFirst Story,$c[2017]
=264  \4$c©2017
=300  \\$a81 pages ;$c20 cm
=336  \\$atext$2rdacontent
=337  \\$aunmediated$2rdamedia
=338  \\$avolume$2rdacarrier
=500  \\$aAt foot of title: Cheltenham Festivals.
=650  \0$aShort stories, English.
=650  \0$aChildren's writings, English.
=700  10$aStubbersfield, Alicia,$d1952-$eeditor.
=710  2\$aGloucester Academy.$bCheltenham Festivals First Story Group.
=710  2\$aCheltenham Festivals (Charity)
=852  4\$cDRT$jDigital Store RB.23.a.13426$aBritish Library$bHMNTS
=985  \\$aNETCAT record
=CAT  \\$aBATCH-DCW$b00$c20170907$lBLL01$h0201
=CAT  \\$aBATCH-UPD$b00$c20170907$lBLL01$h0202
=CAT  \\$aR1710-0956$b00$c20171120$lBLL01$h1722
=CAT  \\$a1805-0738$c20190111$lBLL01$h1804
=CAT  \\$a1805-0738$b00$c20190111$lBLL01$h1826
=CAT  \\$aBATCH-SURR$b00$c20200924$lBLL01$h2124
=CAT  \\$a5194$b40$c20210526$lBLL01$h1147
=FIN  \\$aY$d20200924
=FMT  \\$a  BK
=LAS  \\$a5194$b40$c20210526$lBLL01$h1147
=SRC  \\$aNETCAT$bnetcatprn.20200924

