=LDR  01448 am a22003971i 4500
=001  018751450
=003  Uk
=005  20201105212232.0
=008  201028s2008\\\\enka\\\j\\\\\\001|0|eng|d
=015  \\$aGBC0H4950$2bnb
=020  \\$a9781407525273 (hardback) :$c£20.00
=040  \\$aStDuBDS$beng$cStDuBDS$erda
=042  \\$aukblsr
=082  04$a500$223
=100  1\$aGrimm, Alexander,$eauthor.
=245  10$aScience & technology :$bphysics, chemistry, biology, medical technology, earth science, transport and space travel, information technology /$cDr. Alexander Grimm [and five others].
=264  \1$aBath :$bParragon,$c2008.
=300  \\$a303 pages :$billustrations (black and white, and colour) ;$c28 cm.
=336  \\$atext$2rdacontent
=336  \\$astill image$2rdacontent
=337  \\$aunmediated$2rdamedia
=338  \\$avolume$2rdacarrier
=490  0\$aQuestions & answers
=500  \\$aIncludes index.
=650  \0$aScience$vJuvenile literature.
=650  \0$aTechnology$vJuvenile literature.
=852  4\$cDRT$jDigital Store G.805.i.(11.)$aBritish Library$bMUSIC
=985  \\$aNETCAT record
=CAT  \\$aBATCH-DCW$b00$c20180217$lBLL01$h0202
=CAT  \\$a1805-0738$c20190111$lBLL01$h1810
=CAT  \\$a1805-0738$b00$c20190111$lBLL01$h1830
=CAT  \\$aBATCH-SURR$b00$c20201105$lBLL01$h2122
=FIN  \\$aY$d20201105
=FMT  \\$a  BK
=LAS  \\$aBATCH-SURR$b00$c20201105$lBLL01$h2122
=SRC  \\$aNETCAT$bnetcatprn.20201105

