=LDR  01345 am a22003851i 4500
=001  018907943
=003  Uk
=005  20210429212625.0
=008  210426t20152015stk\\\\\\\\\\\000|0|eng|d
=015  \\$aGBC166800$2bnb
=020  \\$a9781781915608 (paperback) :$cNo price
=040  \\$aStDuBDS$beng$cStDuBDS$erda
=042  \\$aukblsr
=082  04$a223.906$223
=100  1\$aHamilton, James M.,$d1974-$eauthor.
=245  10$aSong of songs :$ba biblical-theological, allegorical, Christological interpretation /$cJames M. Hamilton, Jr.
=264  \1$aFearn, Ross-shire :$bChristian Focus,$c[2015]
=264  \4$c©2015
=300  \\$a154 pages ;$c22 cm.
=336  \\$atext$2rdacontent
=337  \\$aunmediated$2rdamedia
=338  \\$avolume$2rdacarrier
=490  0\$aFocus on the Bible
=630  00$aBible.$pSong of Solomon$xCriticism, interpretation, etc.
=852  4\$cDRT$jDigital Store 4372.de.4.(7.)$aBritish Library$bHMNTS
=985  \\$aNETCAT record
=CAT  \\$aBATCH-DCW$b00$c20180614$lBLL01$h0202
=CAT  \\$a1805-0738$c20190111$lBLL01$h1814
=CAT  \\$a1805-0738$b00$c20190111$lBLL01$h1833
=CAT  \\$aW2001-2376$c20200626$lBLL01$h1929
=CAT  \\$aBATCH-SURR$b00$c20210429$lBLL01$h2125
=FIN  \\$aY$d20210429
=FMT  \\$a  BK
=LAS  \\$aBATCH-SURR$b00$c20210429$lBLL01$h2125
=SRC  \\$aNETCAT$bnetcatprn.20210429

