=LDR  01552 am a2200349 a 4500
=001  019287222
=003  Uk
=005  20190307133202.0
=007  cr\mn\024mpada
=008  870609s1893\\\\dk\\\\\\o\\\\\000\0\ypk\d
=040  \\$aUk$beng$cUk
=082  04$a220.5971$219
=130  0\$aBible.$pNew Testament.$lInuktitut.
=245  10$aTastamantitâk, tássa nâlagkavta ánáussissivta Jîsusip Kristusip tastamantianik agdlagkat ivdlernartut :$bnugtigkat sujugdlît narkigdlugit nugterkigsârsimassut, agdlagsimassokatainigdlo nalerkútunik kapitalitdlo kanok imakarssusînik ilalersorsimassut.
=260  \\$aKjobenhavn [Godhaven, Greenland] :$bA. Rosenbergs Bogtrykkeri,$c1893.
=300  \\$a1 online resource
=336  \\$atext$btxt$2rdacontent
=337  \\$acomputer$bc$2rdamedia
=338  \\$aonline resource$bcr$2rdacarrier
=500  \\$aPref. signed: H.F. Jorgenson.
=500  \\$a"Translated by Samuel P. Kleinschmidt and revised by H.F. Jorgensen"--British Museum Catalogue.
=500  \\$a458, [6] p. ; 25 cm.
=546  \\$aText in Inuktitut.
=630  00$aBible.$pNew Testament.$lInuktitut
=700  1\$aKleinschmidt, S.$q(Samuel),$d1814-1886.
=700  1\$aJorgensen, H. F.
=852  4\$cDRT$jDigital Store 3091.ff.13.$aBritish Library$bHMNTS$3[Another copy of pt. 3.] Tastamantitâk, etc. Ms. notes. Kjøbenhavn, 1893. 8º.***Interleaved.
=CAT  \\$a8874$b40$c20190307$lBLL01$h1332
=CAT  \\$aBATCH-UPD$b40$c20210115$lBLL01$h2019
=FIN  \\$aY$d20190307
=FMT  \\$a  BK
=LAS  \\$aBATCH-UPD$b40$c20210115$lBLL01$h2019

