=LDR  01217 am a22003731i 4500
=001  017680869
=003  Uk
=005  20191024112528.0
=008  170508s2015\\\\inu\\\\j\\\\\\000|f|eng|d
=015  \\$aGBB784713$2bnb
=020  \\$a9781504992756 (paperback) :$cNo price
=020  \\$z9781504992763 (ebook) :$cNo price
=040  \\$aStDuBDS$beng$cStDuBDS$erda
=042  \\$aukblsr
=082  04$a823.92$223
=100  1\$aPurvis, J. L.$q(Jason L.),$eauthor.
=245  10$aJames and the hidden island of Pangenia /$cby J.L. Purvis.
=264  \1$aBloomington, IN :$bAuthorHouse,$c2015.
=300  \\$axii, 641 pages ;$c21 cm.
=336  \\$atext$2rdacontent
=337  \\$aunmediated$2rdamedia
=338  \\$avolume$2rdacarrier
=490  0\$aThe next testament series
=655  \0$aDystopias.
=852  4\$cDRT$jDigital Store 899.d.7.(9.)$aBritish Library$bHMNTS
=985  \\$aNETCAT record
=CAT  \\$aBATCH-DCW$b00$c20151226$lBLL01$h0202
=CAT  \\$aBATCH-SURR$b00$c20170518$lBLL01$h2123
=CAT  \\$aW1806-2088$c20180703$lBLL01$h1758
=CAT  \\$a5100$b40$c20191024$lBLL01$h1125
=FIN  \\$aY$d20170518
=FMT  \\$a  BK
=LAS  \\$a5100$b40$c20191024$lBLL01$h1125
=SRC  \\$aNETCAT$bnetcatprn.20170518

