=LDR  01731 am a22004691i 4500
=001  018301865
=003  Uk
=005  20210201104316.0
=008  190408s2016\\\\enka\\\\\\\\\\001|0|eng|d
=015  \\$aGBB974162$2bnb
=020  \\$a9781911550006 (paperback) :$cNo price
=040  \\$aStDuBDS$beng$cStDuBDS$erda
=042  \\$aukblsr
=082  04$a658.11$223
=100  1\$aPamphilion, Sarah,$eauthor.
=245  14$aThe ABE guide to business start-up :$bthe official study guide for the ABE level 3 certificate in business start-up /$cauthor, Sarah Pamphilion.
=246  30$aGuide to business start-up
=246  30$aBusiness start-up
=264  \1$aNew Malden, Surrey :$bABE,$c2016.
=300  \\$avi, 210 pages :$billustrations (colour) ;$c24 cm
=336  \\$atext$2rdacontent
=336  \\$astill image$2rdacontent
=337  \\$aunmediated$2rdamedia
=338  \\$avolume$2rdacarrier
=500  \\$aIncludes index.
=650  \0$aNew business enterprises.
=650  \0$aBusiness$xExaminations$vStudy guides.
=690  7\$aManagement and Business Studies$2blcoll
=710  20$aAssociation of Business Executives (Great Britain),$eissuing body.
=852  4\$cDRT$jDigital Store 827.a.10.$aBritish Library$bHMNTS
=985  \\$aNETCAT record
=CAT  \\$aBATCH-DCW$b00$c20170415$lBLL01$h0202
=CAT  \\$aR1710-0956$b00$c20171120$lBLL01$h1717
=CAT  \\$a1805-0738$c20190111$lBLL01$h1758
=CAT  \\$a1805-0738$b00$c20190111$lBLL01$h1822
=CAT  \\$aBATCH-SURR$b00$c20190425$lBLL01$h2125
=CAT  \\$aBATCH-MBS$c20190503$lBLL01$h2124
=CAT  \\$a5194$b40$c20210201$lBLL01$h1043
=FIN  \\$aY$d20190425
=FMT  \\$a  BK
=LAS  \\$a5194$b40$c20210201$lBLL01$h1043
=SRC  \\$aNETCAT$bnetcatprn.20190425

