=LDR  01214 am a2200385 i 4500
=001  015745484
=003  Uk
=005  20140521115546.0
=006  m\\\\||\\d\|\\\\\\
=007  cr\|||||||||||
=008  110202s2010\\\\enka|||\ob\\\\00|\0\eng\\
=015  \\$aGBB454015$2bnb
=040  \\$aUk$beng$cUk$erda
=042  \\$aukblsr
=082  04$a338.4300409489$223
=110  2\$aOvum (Firm),$eauthor.
=245  10$aIT Services Market in Denmark to 2014.
=264  \1$a[London] :$bOvum,$cJuly 2010.
=300  \\$a1 online resource (70 pages) :$billustrations (colour)
=336  \\$atext$2rdacontent
=337  \\$acomputer$2rdamedia
=338  \\$aonline resource$2rdacarrier
=500  \\$a"Reference Code: DBTC1449."
=500  \\$a"Databook."
=504  \\$aIncludes bibliographical references.
=650  \0$aComputer service industry$zDenmark.
=650  \0$aMarket surveys.
=690  7\$aManagement and Business Studies$2blcoll
=852  41$aBritish Library$bHMNTS$jDigital store
=CAT  \\$a7164$b40$c20110202$lBLL01$h1547
=CAT  \\$a11281$b40$c20140521$lBLL01$h1155
=CAT  \\$aBATCH-MBS$c20140530$lBLL01$h2147
=FIN  \\$aY$d20140521
=FMT  \\$a  BK
=LAS  \\$aBATCH-MBS$b00$c20140530$lBLL01$h2147

