=LDR  01205 cm a2200361 i 4500
=001  016012565
=003  Uk
=005  20140612155803.0
=006  m\\\\\\\\u\\||||||
=007  cr\|||||||||||
=008  120120s2011\\\\enkzzl\|o||||||n\\|\zxx\\
=040  \\$aUk$beng$cUk$erda
=042  \\$aukblsr
=082  04$a786.2$223
=100  1\$aSorabji, Kaikhosru Shapurji,$d1892-1988,$ecomposer.
=245  10$aSymphonic nocturne for piano alone /$cKaikhosru Shapurji Sorabji.
=264  \1$a[Bath] :$b[Sorabji Archive],$c[2011]
=300  \\$a1 online resource (1 score (113 pages)) :$bPDF
=336  \\$anotated music$2rdacontent
=337  \\$acomputer$2rdamedia
=338  \\$aonline resource$2rdacarrier
=500  \\$aReproduced from holograph.
=546  \\$bStaff notation.
=600  10$aSorabji, Kaikhosru Shapurji,$d1892-1988$vManuscripts$vFacsimiles.
=650  \0$aPiano music.
=650  \0$aMusic$vManuscripts$vFacsimiles.
=852  41$aBritish Library$bMUSIC$jDigital score
=CAT  \\$a12664$b40$c20120120$lBLL01$h1613
=CAT  \\$a12274$b40$c20130816$lBLL01$h1618
=CAT  \\$a12274$b40$c20140612$lBLL01$h1558
=FIN  \\$aY$d20130816
=FMT  \\$a  MU
=LAS  \\$a12274$b40$c20140612$lBLL01$h1558

